% This file was created with JabRef 2.10.
% Encoding: UTF-8


@Article{sulc2014,
  Title                    = {{Optimal Distributed Control of Reactive Power via the Alternating Direction Method of Multipliers}},
  Author                   = {{{\v{S}}ulc}, P. and {Backhaus}, S. and {Chertkov}, M.},
  Journal                  = {ArXiv e-prints},
  Year                     = {2014},

  Adsnote                  = {Provided by the SAO/NASA Astrophysics Data System},
  Adsurl                   = {http://adsabs.harvard.edu/abs/2013arXiv1310.5748S},
  Archiveprefix            = {arXiv},
  Eprint                   = {1310.5748},
  File                     = {:/home/pscott/papers/distributed/sulc2014.pdf:PDF},
  Keywords                 = {Mathematics - Optimization and Control, Computer Science - Systems and Control},
  Primaryclass             = {math.OC}
}

@Article{markov3,
  Title                    = {Mean Field Asymptotic of Markov Decision Evolutionary Games and Teams},
  Author                   = {Hamidou Tembine Jean-Yves Le Boudec Rachid El-Azouzi Eitan Altman},
  Journal                  = {Gamenets 2009, International Conference on Game Theory for Networks},
  Year                     = {2009},

  Owner                    = {bur471},
  Timestamp                = {2016.09.02},
  Url                      = {https://infoscience.epfl.ch/record/138932}
}

@Book{stochastic1,
  Title                    = {Reviews of Nonlinear Dynamics and Complexity},
  Author                   = {Arne Traulsen, Christoph Hauert},
  Publisher                = {Wiley-VCH},
  Year                     = {2009},
  Volume                   = {2},

  Chapter                  = {Stochastic Evolutionary Game Dynamics},
  Owner                    = {bur471},
  Pages                    = {25-61},
  Timestamp                = {2016.12.20},
  Url                      = {http://web.evolbio.mpg.de/~traulsen/paper/O5.pdf}
}

@Book{stochastic2,
  Title                    = {Handbook of Game Theory with Economic Applications, Stochastic Evolutionary Game Dynamics},
  Author                   = {Chris Wallace, H. Peyton Young},
  Publisher                = {Elsevier B.V.},
  Year                     = {2016},
  Number                   = {327-380},
  Volume                   = {4},

  Owner                    = {bur471},
  Timestamp                = {2016.12.21},
  Url                      = {http://www.econ2.jhu.edu/people/Young/Stochastic_Evolutionary_Game_Dynamics.pdf}
}

@Article{spacial3,
  Title                    = {Spatial structure often inhibits the evolution of cooperation in the snowdrift game},
  Author                   = {Christoph Hauert, Michael Doebeli},
  Journal                  = {Nature},
  Year                     = {2004},

  Month                    = {April},
  Pages                    = {643-646},
  Volume                   = {428},

  Owner                    = {bur471},
  Timestamp                = {2016.12.13},
  Url                      = {http://www.nature.com/nature/journal/v428/n6983/pdf/nature02360.pdf}
}

@Article{markov1,
  Title                    = {The Complexity of Markov Decision Processes},
  Author                   = {Christos H. Papadimitriou, John N. Tsitsiklis},
  Journal                  = {Mathematics of Operations Research},
  Year                     = {1987},
  Number                   = {3},
  Pages                    = {441 - 450},
  Volume                   = {12},

  Owner                    = {bur471},
  Timestamp                = {2016.09.02},
  Url                      = {http://pubsonline.informs.org/doi/abs/10.1287/moor.12.3.441}
}

@Article{markov7,
  Title                    = {Steady-State solutions of Markov Chains},
  Author                   = {Dimitar Radev, Vladimir Denchev, Elena Rashkova},
  Journal                  = {BACOR 05: The 7th Balkan Conference on Operational Research},
  Year                     = {2005},

  Month                    = {May},

  Owner                    = {bur471},
  Timestamp                = {2016.12.13},
  Url                      = {http://fmi.unibuc.ro/balkan-conf/CD/Section3/Dimitar%20Radev.pdf}
}

@Article{markov4,
  Title                    = {Markov Decision Evolutionary Games with Expected Average Fitness},
  Author                   = {E. Altman, Y. Hayel, H. Tembine, R. El-Azouzi},
  Journal                  = {Evolutionary Ecology Research},
  Year                     = {2009},

  Owner                    = {bur471},
  Timestamp                = {2016.12.13},
  Url                      = {https://www-sop.inria.fr/members/Eitan.Altman/PAPERS/eer2009.pdf}
}

@Article{markov5,
  Title                    = {A Markov Decision Evolutionary Game for the study of a Dynamic Hawk and Dove Game},
  Author                   = {Eitan Altman, Ilaria Brunetti},
  Journal                  = {ISDG - 9th Workshop of the International Society of Dynamic Games},
  Year                     = {2013},

  Month                    = {Jul},

  Owner                    = {bur471},
  Timestamp                = {2016.12.13},
  Url                      = {http://www.congas-project.eu/publications/markov-decision-evolutionary-game-study-dynamic-hawk-and-dove-game}
}

@Article{markov2,
  Title                    = {Markov Decision Evolutionary Games},
  Author                   = {Eitan Altman, Yezekael Hayel},
  Journal                  = {IEEE TRANSACTIONS ON AUTOMATIC CONTROL},
  Year                     = {2010},
  Number                   = {7},
  Pages                    = {1560-1569},
  Volume                   = {55},

  Owner                    = {bur471},
  Timestamp                = {2016.09.02},
  Url                      = {https://www-sop.inria.fr/members/Eitan.Altman/PAPERS/rs10.pdf}
}

@Article{paternity1,
  Title                    = {Paternity Uncertainty and Evolutionary Psychology: How a Seemingly Capricious Occurrence Fails to Follow Laws of Greater Generality},
  Author                   = {Michael Gilding},
  Journal                  = {Sociology},
  Year                     = {2009},
  Number                   = {1},
  Pages                    = {140-157},
  Volume                   = {43},

  Owner                    = {bur471},
  Timestamp                = {2016.09.02}
}

@Book{paternity2,
  Title                    = {Family Relationships: An Evolutionary Perspective - Violence and Abuse in Families: The Consequences of Paternal Uncertainty},
  Author                   = {Aaron T. Goetz},
  Editor                   = {Catherine A. Salmon and Todd K. Shackelford},
  Publisher                = {Oxford Scholarship Online},
  Year                     = {2007},

  Owner                    = {bur471},
  Timestamp                = {2016.09.02},
  Url                      = {http://www.oxfordscholarship.com/view/10.1093/acprof:oso/9780195320510.001.0001/acprof-9780195320510-chapter-12?rskey=vPZhXn&result=4}
}

@Article{ess1,
  Title                    = {Evolutionary Stable Strategies: A review of basic theory},
  Author                   = {W.G.S. Hines},
  Journal                  = {Theoretical Population Biology},
  Year                     = {1987},
  Number                   = {2},
  Pages                    = {195-272},
  Volume                   = {31},

  Owner                    = {bur471},
  Timestamp                = {2016.09.02},
  Url                      = {http://www.sciencedirect.com/science/article/pii/0040580987900293}
}

@Article{psr1,
  Title                    = {Deterministic Evolutionary Game Dynamics},
  Author                   = {Josef Hofbauer},
  Journal                  = {Proceedings of Symposia in Applied Mathematics},
  Year                     = {2011},
  Pages                    = {61-79},
  Volume                   = {69},

  Owner                    = {bur471},
  Timestamp                = {2017.01.04},
  Url                      = {http://homepage.univie.ac.at/josef.hofbauer/11ams.pdf}
}

@Article{justso,
  Title                    = {Just so stories and inference to the best explanation in evolutionary psychology},
  Author                   = {Holcomb, H.R.},
  Journal                  = {Minds and Machines},
  Year                     = {1996},
  Pages                    = {525-540},
  Volume                   = {6},

  Owner                    = {bur471},
  Timestamp                = {2016.09.02},
  Url                      = {http://link.springer.com/article/10.1007/BF00389657}
}

@Article{markov6,
  Title                    = {Evolutionary Policy Iteration for Solving Markov Decision Processes},
  Author                   = {Hyeong Soo Chang, Hong-Gi Lee, Michael C. Fu, and Steven I. Marcus},
  Journal                  = {IEEE TRANSACTIONS ON AUTOMATIC CONTROL},
  Year                     = {2005},
  Number                   = {11},
  Volume                   = {50},

  Owner                    = {bur471},
  Timestamp                = {2016.12.13},
  Url                      = {https://www.isr.umd.edu/~marcus/docs/EPI.pdf}
}

@Article{nash1,
  Title                    = {Relaxation algorithms to find Nash equilibria with economic applications},
  Author                   = {Jacek B. Krawczyk, Stanislav Uryasev},
  Journal                  = {Environmental Modeling and Assessment},
  Year                     = {2000},
  Pages                    = {63-73},
  Volume                   = {5},

  Owner                    = {bur471},
  Timestamp                = {2016.12.21},
  Url                      = {http://www.ise.ufl.edu/uryasev/files/2011/11/relaxation_algorithms_for_Nash_equilibrium.pdf}
}

@Book{adaptedmind,
  Title                    = {The Adapted Mind},
  Author                   = {Jerome H. Barkow, Leda Cosmides and John Tooby},
  Publisher                = {Oxford University Press},
  Year                     = {1992},

  Owner                    = {bur471},
  Timestamp                = {2016.09.02},
  Url                      = {http://cogweb.ucla.edu/Abstracts/AdaptedMind_92.html}
}

@Article{altruism2,
  Title                    = {Sympathy and Punishment: Evolution of Cooperation in Public Goods Game},
  Author                   = {Hang Ye Fei Tan Mei Ding Yongmin Jia and Yefeng Chen},
  Journal                  = {Journal of Artificial Societies and Social Simulation},
  Year                     = {2011},
  Number                   = {4},
  Pages                    = {20},
  Volume                   = {14},

  Owner                    = {bur471},
  Timestamp                = {2016.09.02},
  Url                      = {http://jasss.soc.surrey.ac.uk/14/4/20.html}
}

@Article{gloss1,
  Title                    = {Social and individual learning of helping in humans and other species},
  Author                   = {Laurent Lehmann, Kevin R. Foster, Elhanan Borenstein and Marcus W. Feldman},
  Journal                  = {Trends Ecol Evol.},
  Year                     = {2008},
  Number                   = {12},
  Pages                    = {664-671},
  Volume                   = {23},

  Owner                    = {bur471},
  Timestamp                = {2016.09.02},
  Url                      = {https://zoo-kfoster.zoo.ox.ac.uk/sites/default/files/files/LehmannetalTREE2008.pdf}
}

@Article{leslie,
  Title                    = {On the use of Matricies in Certain Population Mathematics},
  Author                   = {P.H. Leslie},
  Journal                  = {Biometrika},
  Year                     = {1945},

  Month                    = {Nov},
  Number                   = {3},
  Pages                    = {183-212},
  Volume                   = {33},

  Owner                    = {bur471},
  Timestamp                = {2016.12.13},
  Url                      = {http://www.colorado.edu/eeb/gradstudents/joseph/Leslie_1945.pdf}
}

@Book{confirmation,
  Title                    = {The Oxford Handbook of the Philosophy of Psychology - Discovery and Confirmation in Evolutionary Psychology},
  Author                   = {Machery, E.},
  Editor                   = {J. Prinz},
  Publisher                = {Oxford University Press},
  Year                     = {(forthcomming)},

  Owner                    = {bur471},
  Timestamp                = {2016.09.02},
  Url                      = {http://citeseerx.ist.psu.edu/viewdoc/download?doi=10.1.1.116.4811&rep=rep1&type=pdf}
}

@Article{spacial2,
  Title                    = {Letters to Nature: Evolutionary games and spacial chaos},
  Author                   = {Martin A Nowak, Robert M May},
  Journal                  = {Nature},
  Year                     = {1992},

  Month                    = {October},
  Pages                    = {826-829},
  Volume                   = {359},

  Owner                    = {bur471},
  Timestamp                = {2016.12.13},
  Url                      = {http://www.nature.com/nature/journal/v359/n6398/pdf/359826a0.pdf}
}

@Article{darwinrevolution,
  Title                    = {Sociology and the second Darwinian revolution: A metatheoretical analysis},
  Author                   = {Richard Machalek \& Michael W. Martin},
  Journal                  = {Sociological Theory},
  Year                     = {2004},
  Number                   = {3},
  Pages                    = {455-476},
  Volume                   = {22},

  Owner                    = {bur471},
  Timestamp                = {2016.09.02},
  Url                      = {http://philpapers.org/rec/MACSAT-5}
}

@Article{maynard,
  Title                    = {The Logic of Animal Conflict},
  Author                   = {Maynard Smith, J.; Price, G.R.},
  Journal                  = {Nature},
  Year                     = {1973},
  Number                   = {5427},
  Pages                    = {15-18},
  Volume                   = {246},

  Owner                    = {bur471},
  Timestamp                = {2016.09.02},
  Url                      = {ftp://oceane.obs-vlfr.fr/pub/irisson/papers/Maynard%20Smith1973-The%20logic%20of%20animal%20conflict00.pdf}
}

@Article{errors1,
  Title                    = {A General Technique for Computing Evolutionarily Stable Strategies Based on Errors in Decision-making},
  Author                   = {John M. McNamara and James N. Webb and E.J. Collins and Tamás Székely and Alasdair I. Houston},
  Journal                  = {Journal of Theoretical Biology},
  Year                     = {1997},

  Month                    = {Nov},
  Number                   = {2},
  Pages                    = {211-225},
  Volume                   = {189},

  Owner                    = {bur471},
  Timestamp                = {2016.12.21},
  Url                      = {http://www.sciencedirect.com/science/article/pii/S0022519397905117}
}

@Article{rockpaperscissors,
  Title                    = {An experimental investigation of evolutionary dynamics in the Rock-Paper-Scissors game},
  Author                   = {Moshe Hoffman, Sigrid Suetens, Uri Gneezy, Martin A. Nowak},
  Journal                  = {Scientific Reports},
  Year                     = {2015},
  Number                   = {8817},
  Volume                   = {5},

  Owner                    = {bur471},
  Timestamp                = {2016.12.21},
  Url                      = {http://www.nature.com/articles/srep08817}
}

@Book{nowak,
  Title                    = {Evolutionary Dynamics: Exploring the Equations of Life},
  Author                   = {Martin A Nowak},
  Publisher                = {Harvard University Press},
  Year                     = {2006},

  Owner                    = {bur471},
  Timestamp                = {2016.12.21}
}

@Article{titfortat,
  Title                    = {Whence tit-for-tat?},
  Author                   = {Philip H. Crowley, R. Craig Sargent},
  Journal                  = {Evolutionary Ecology},
  Year                     = {1996},
  Number                   = {5},
  Pages                    = {499–516},
  Volume                   = {10},

  Owner                    = {bur471},
  Timestamp                = {2016.09.02},
  Url                      = {http://link.springer.com/article/10.1007/BF01237881}
}

@InCollection{sep-fitness,
  Title                    = {Fitness},
  Author                   = {Rosenberg, Alexander and Bouchard, Frederic},
  Booktitle                = {The Stanford Encyclopedia of Philosophy},
  Year                     = {2015},
  Edition                  = {Fall 2015},
  Editor                   = {Edward N. Zalta},

  HowPublished             = {\url{http://plato.stanford.edu/archives/fall2015/entries/fitness/}}
}

@Article{replicator1,
  Title                    = {The replicator equation and other game dynamics},
  Author                   = {Ross Cressman, Yi Tao},
  Journal                  = {Proc. Natl Acad. Sci. USA},
  Year                     = {2014},

  Month                    = {Jul},
  Number                   = {111},
  Pages                    = {10810–10817},

  Owner                    = {bur471},
  Timestamp                = {2016.12.21},
  Url                      = {https://www.ncbi.nlm.nih.gov/pmc/articles/PMC4113915/}
}

@Article{feminism,
  Title                    = {Evolutionary Psychology and Feminism},
  Author                   = {David Michael Buss \& David P. Schmitt},
  Journal                  = {Sex Roles - Springer},
  Year                     = {2011},
  Pages                    = {768–787},
  Volume                   = {64},

  Owner                    = {bur471},
  Timestamp                = {2016.09.02},
  Url                      = {http://www.bradley.edu/dotAsset/196924.pdf}
}

@Book{socialisation,
  Title                    = {The Evolution of Sexuality - The Evolution of Culturally-Variable Sex Differences: Men and Women Are Not Always Different, but When They Are…It Appears Not to Result from Patriarchy or Sex Role Socialization},
  Author                   = {David P. Schmitt},
  Publisher                = {Springer},
  Year                     = {2014},
  Note                     = {pp 221-256},
  Series                   = {Evolutionary Psychology},

  Owner                    = {bur471},
  Timestamp                = {2016.09.02},
  Url                      = {http://link.springer.com/chapter/10.1007%2F978-3-319-09384-0_11}
}

@Article{lizards1,
  Title                    = {The rock-paper-scissors game and the evolution of alternative male strategies},
  Author                   = {B. Sinervo and C. M. Lively},
  Journal                  = {Letters to Nature},
  Year                     = {1996},

  Month                    = {Mar},
  Pages                    = {240-243},
  Volume                   = {380},

  Owner                    = {bur471},
  Timestamp                = {2017.01.04},
  Url                      = {http://www.indiana.edu/~curtweb/L567/readings/Sinervo&Lively1996.pdf}
}

@Book{maynard2,
  Title                    = {Evolution and the Theory of Games},
  Author                   = {John Maynard Smith},
  Publisher                = {Cambridge University Press},
  Year                     = {1982},

  Owner                    = {bur471},
  Timestamp                = {2016.12.11}
}

@Article{spacial4,
  Title                    = {Evolutionary games on graphs},
  Author                   = {G. Szabó and G. Fáth},
  Journal                  = {Physics Reports},
  Year                     = {2007},
  Number                   = {446},
  Pages                    = {97-216},

  Owner                    = {bur471},
  Timestamp                = {2016.12.20},
  Url                      = {https://arxiv.org/abs/cond-mat/0607344}
}

@Article{spacial1,
  Title                    = {Spacial Evolutionary Game Theory: Hawks and Doves revisited},
  Author                   = {Timothy Killingback, Michael Doebeli},
  Journal                  = {Proceedings - Biological Sciences},
  Year                     = {1996},

  Month                    = {Sep},
  Number                   = {1374},
  Pages                    = {1135-1144},
  Volume                   = {263},

  Owner                    = {bur471},
  Timestamp                = {2016.12.13},
  Url                      = {http://www.zoology.ubc.ca/~doebeli/reprints/killingback_doebeli_1996.pdf}
}

@Book{weibull,
  Title                    = {Evolutionary Game Theory},
  Author                   = {J\"orgen W. Weibull},
  Publisher                = {The MIT Press},
  Year                     = {1997},

  Owner                    = {bur471},
  Timestamp                = {2016.12.11}
}

@Article{altruism,
  Title                    = {The Blessing of Sexuality: Evolution of Altruism with Mating Preference},
  Author                   = {Tanzhe Tang \& Hang Ye},
  Journal                  = {Journal of Artificial Societies and Social Simulation},
  Year                     = {2016},
  Number                   = {2},
  Pages                    = {2},
  Volume                   = {19},

  Owner                    = {bur471},
  Timestamp                = {2016.09.02},
  Url                      = {http://jasss.soc.surrey.ac.uk/19/2/2.html}
}

@Book{missingrevolution,
  Title                    = {Missing the Revolution: Darwinism for Social Scientists},
  Editor                   = {Jerome H. Barkow},
  Publisher                = {Oxford University Press},
  Year                     = {2006},

  Owner                    = {bur471},
  Timestamp                = {2016.09.02},
  Url                      = {http://emilkirkegaard.dk/en/wp-content/uploads/Jerome_H._Barkow_Missing_the_Revolution_DarwiniBookos.org_.pdf}
}

@Book{evolutionhandbook,
  Title                    = {Handbook on Evolution and Society: Toward an Evolutionary Social Science (Paradigm Handbooks)},
  Editor                   = {Jonathan H. Turner, Richard Machalek, Alexandra Maryanski},
  Publisher                = {Paradigm Publishers},
  Year                     = {2015},
  Note                     = {chapter 8},

  Owner                    = {bur471},
  Timestamp                = {2016.09.02}
}

